%%%%%%%%%%%%%%%%%%%%%%%%%%%%%%%%%%%%%%%%%%%%%%%%%%%%%%%%%%%%%%%%%%%%%%%
%                          paper.bib
%
% BibTeX file template for papers conforming to the United States
% Sections of the Combustion Institue style guide.
%
% Authors:
%     Bryan W. Weber, University of Connecticut
%     Kyle E. Niemeyer, Oregon State University
%
% Modified by
% 	  Nick Curtis, University of Connecticut
%
% This work is licensed under the Creative Commons Attribution 4.0
% International License. To view a copy of this license, visit
% http://creativecommons.org/licenses/by/4.0/.
%%%%%%%%%%%%%%%%%%%%%%%%%%%%%%%%%%%%%%%%%%%%%%%%%%%%%%%%%%%%%%%%%%%%%%%

@misc{Simdfig:2016,
	Author = {Vadikus},
	@Title = {SIMD2},
	url = {https://commons.wikimedia.org/wiki/File:SIMD2.svg},
	Year = {2016}
}

@article{CurtisGPU:2017,
	Author = {Curtis, Nicholas J and Niemeyer, Kyle Evan and Sung, Chih-Jen},
	title = {An investigation of {GPU}-based stiff chemical kinetics integration methods},
	journal = {Combust. Flame},
	doi = {10.1016/j.combustflame.2017.02.005},
	year = {2017}
	}
	
@article{Sewerin20151375,
	Author = {Fabian Sewerin and Stelios Rigopoulos},
	Date-Modified = {2015-12-02 09:31:51 +0000},
	Doi = {10.1016/j.combustflame.2014.11.003},
	Journal = {Combust. Flame},
	Number = {4},
	Pages = {1375--1394},
	Title = {A methodology for the integration of stiff chemical kinetics on {GPUs}},
	Volume = {162},
	Year = {2015},
	Bdsk-Url-1 = {http://dx.doi.org/10.1016/j.combustflame.2014.11.003}}

@ARTICLE{stone2016,
	author = {{Stone}, C.~P. and {Niemeyer}, K.~E.},
	title = {Accelerating finite-rate chemical kinetics with coprocessors: comparing vectorization methods on GPUs, MICs, and CPUs},
	journal = {ArXiv e-prints},
	archivePrefix = {arXiv},
	eprint = {1608.05794},
	primaryClass = {physics.comp-ph},
	keywords = {Physics - Computational Physics, Computer Science - Distributed, Parallel, and Cluster Computing, Physics - Chemical Physics, 80A32 (Primary) 80A30, 65L04, 65L06 (Secondary)},
	year = {2016},
	month = {Aug},
	adsurl = {http://adsabs.harvard.edu/abs/2016arXiv160805794S},
	adsnote = {Provided by the SAO/NASA Astrophysics Data System}
}

@article{stone2010opencl,
	title={OpenCL: A parallel programming standard for heterogeneous computing systems},
	author={Stone, John E and Gohara, David and Shi, Guochun},
	journal={Comput. Sci. Eng.},
	volume={12},
	number={3},
	pages={66--73},
	year={2010},
	publisher={IEEE}
}

@article{kroshko2013efficient,
	title={Efficient SIMD solution of multiple systems of stiff IVPs},
	author={Kroshko, Andrew and Spiteri, Raymond J},
	journal={J. Comput. Sci.},
	volume={4},
	number={5},
	pages={377--385},
	year={2013},
	publisher={Elsevier}
}
@misc{Niemeyer:2016aa,
	Author = {Niemeyer, Kyle E and Curtis, N J and Sung, C J},
	Date-Modified = {2016-06-04 22:22:55 +0000},
	Month = jan,
	Note = {Accepted to Comput. Phys. Comm. {\tt \href{http://arxiv.org/abs/1605.03262}{arXiv:1605.03262} [physics.comp-ph]}},
	Title = {\texttt{pyJac}: analytical {Jacobian} generator for chemical kinetics},
	Year = 2017}

@inproceedings{kloeckner_loopy_2014,
	author = {{Kl{\"o}ckner}, Andreas},
	title = "{Loo.py: transformation-based code~generation for GPUs and CPUs}",
	booktitle = "{Proceedings of ARRAY `14: ACM SIGPLAN Workshop
	on Libraries, Languages, and Compilers for Array Programming}",
	year = 2014,
	publisher = "{Association for Computing Machinery}",
	address = "{Edinburgh, Scotland.}",
	doi = "{10.1145/2627373.2627387}",
}
